<?xml version="1.0" encoding="UTF-8"?>
  <record xmlns="http://www.loc.gov/MARC21/slim" type="Authority">
    <leader>00000nz  a2200000nc 4500</leader>
    <controlfield tag="001">123510643</controlfield>
    <controlfield tag="003">DE-101</controlfield>
    <controlfield tag="005">20200226155254.0</controlfield>
    <controlfield tag="008">020124n||aznnnaabn           | aaa    |c</controlfield>
    <datafield tag="024" ind1="7" ind2=" ">
      <subfield code="a">123510643</subfield>
      <subfield code="0">http://d-nb.info/gnd/123510643</subfield>
      <subfield code="2">gnd</subfield>
    </datafield>
    <datafield tag="035" ind1=" " ind2=" ">
      <subfield code="a">(DE-101)123510643</subfield>
    </datafield>
    <datafield tag="035" ind1=" " ind2=" ">
      <subfield code="a">(DE-588)123510643</subfield>
    </datafield>
    <datafield tag="035" ind1=" " ind2=" ">
      <subfield code="z">(DE-588a)123510643</subfield>
      <subfield code="9">v:zg</subfield>
    </datafield>
    <datafield tag="040" ind1=" " ind2=" ">
      <subfield code="a">DE-12</subfield>
      <subfield code="c">DE-12</subfield>
      <subfield code="9">r:DE-12</subfield>
      <subfield code="b">ger</subfield>
      <subfield code="d">1031</subfield>
    </datafield>
    <datafield tag="042" ind1=" " ind2=" ">
      <subfield code="a">gnd1</subfield>
    </datafield>
    <datafield tag="043" ind1=" " ind2=" ">
      <subfield code="c">XA-DE</subfield>
    </datafield>
    <datafield tag="075" ind1=" " ind2=" ">
      <subfield code="b">p</subfield>
      <subfield code="2">gndgen</subfield>
    </datafield>
    <datafield tag="075" ind1=" " ind2=" ">
      <subfield code="b">piz</subfield>
      <subfield code="2">gndspec</subfield>
    </datafield>
    <datafield tag="079" ind1=" " ind2=" ">
      <subfield code="a">g</subfield>
      <subfield code="q">a</subfield>
      <subfield code="q">f</subfield>
    </datafield>
    <datafield tag="100" ind1="0" ind2=" ">
      <subfield code="a">Karl Ludwig</subfield>
      <subfield code="c">Pfalz, Pfalzgraf</subfield>
      <subfield code="d">1609-1631</subfield>
    </datafield>
    <datafield tag="375" ind1=" " ind2=" ">
      <subfield code="a">1</subfield>
      <subfield code="2">iso5218</subfield>
    </datafield>
    <datafield tag="400" ind1="0" ind2=" ">
      <subfield code="a">Carl Ludwig</subfield>
      <subfield code="c">Pfalz, Pfalzgraf</subfield>
      <subfield code="d">1609-1631</subfield>
    </datafield>
    <datafield tag="400" ind1="0" ind2=" ">
      <subfield code="a">Karl Ludwig</subfield>
      <subfield code="c">Pfalz-Veldenz, Pfalzgraf</subfield>
      <subfield code="d">1609-1631</subfield>
    </datafield>
    <datafield tag="400" ind1="0" ind2=" ">
      <subfield code="a">Carl Ludwig</subfield>
      <subfield code="c">Pfalz-Veldenz, Pfalzgraf</subfield>
      <subfield code="d">1609-1631</subfield>
    </datafield>
    <datafield tag="400" ind1="0" ind2=" ">
      <subfield code="a">Karl Ludwig</subfield>
      <subfield code="c">Rhein, Pfalzgraf</subfield>
      <subfield code="d">1609-1631</subfield>
    </datafield>
    <datafield tag="400" ind1="0" ind2=" ">
      <subfield code="a">Carl Ludwig</subfield>
      <subfield code="c">Rhein, Pfalzgraf</subfield>
      <subfield code="d">1609-1631</subfield>
    </datafield>
    <datafield tag="400" ind1="0" ind2=" ">
      <subfield code="a">Carolus Ludovicus</subfield>
      <subfield code="c">Comes Palatinus Rheni</subfield>
      <subfield code="d">1609-1631</subfield>
    </datafield>
    <datafield tag="400" ind1="0" ind2=" ">
      <subfield code="a">Carolus Ludovicus</subfield>
      <subfield code="c">Bavaria, Dux</subfield>
      <subfield code="d">1609-1631</subfield>
    </datafield>
    <datafield tag="400" ind1="0" ind2=" ">
      <subfield code="a">Karl Ludwig</subfield>
      <subfield code="c">Bayern, Herzog</subfield>
      <subfield code="d">1609-1631</subfield>
    </datafield>
    <datafield tag="400" ind1="0" ind2=" ">
      <subfield code="a">Carl Ludwig</subfield>
      <subfield code="c">Bayern, Herzog</subfield>
      <subfield code="d">1609-1631</subfield>
    </datafield>
    <datafield tag="500" ind1="0" ind2=" ">
      <subfield code="0">(DE-101)136697437</subfield>
      <subfield code="0">(DE-588)136697437</subfield>
      <subfield code="0">https://d-nb.info/gnd/136697437</subfield>
      <subfield code="a">Georg Gustav</subfield>
      <subfield code="c">Pfalz-Veldenz-Lauterecken, Pfalzgraf</subfield>
      <subfield code="d">1564-1634</subfield>
      <subfield code="4">bezf</subfield>
      <subfield code="4">https://d-nb.info/standards/elementset/gnd#familialRelationship</subfield>
      <subfield code="w">r</subfield>
      <subfield code="i">Beziehung familiaer</subfield>
      <subfield code="e">Beziehung familiaer</subfield>
      <subfield code="9">v:Vater</subfield>
    </datafield>
    <datafield tag="500" ind1="0" ind2=" ">
      <subfield code="a">Maria Elisabeth</subfield>
      <subfield code="c">Pfalz, Pfalzgräfin</subfield>
      <subfield code="4">bezf</subfield>
      <subfield code="4">https://d-nb.info/standards/elementset/gnd#familialRelationship</subfield>
      <subfield code="w">r</subfield>
      <subfield code="i">Beziehung familiaer</subfield>
      <subfield code="e">Beziehung familiaer</subfield>
      <subfield code="9">v:Mutter</subfield>
    </datafield>
    <datafield tag="548" ind1=" " ind2=" ">
      <subfield code="a">1609-1631</subfield>
      <subfield code="4">datl</subfield>
      <subfield code="4">https://d-nb.info/standards/elementset/gnd#dateOfBirthAndDeath</subfield>
      <subfield code="w">r</subfield>
      <subfield code="i">Lebensdaten</subfield>
    </datafield>
    <datafield tag="548" ind1=" " ind2=" ">
      <subfield code="a">05.02.1609-29.07.1631</subfield>
      <subfield code="4">datx</subfield>
      <subfield code="4">https://d-nb.info/standards/elementset/gnd#dateOfBirthAndDeath</subfield>
      <subfield code="w">r</subfield>
      <subfield code="i">Exakte Lebensdaten</subfield>
    </datafield>
    <datafield tag="550" ind1=" " ind2=" ">
      <subfield code="0">(DE-101)041739825</subfield>
      <subfield code="0">(DE-588)4173982-6</subfield>
      <subfield code="0">https://d-nb.info/gnd/4173982-6</subfield>
      <subfield code="a">Pfalzgraf</subfield>
      <subfield code="4">adel</subfield>
      <subfield code="4">https://d-nb.info/standards/elementset/gnd#titleOfNobility</subfield>
      <subfield code="w">r</subfield>
      <subfield code="i">Adelstitel</subfield>
    </datafield>
    <datafield tag="550" ind1=" " ind2=" ">
      <subfield code="0">(DE-101)040433757</subfield>
      <subfield code="0">(DE-588)4043375-4</subfield>
      <subfield code="0">https://d-nb.info/gnd/4043375-4</subfield>
      <subfield code="a">Offizier</subfield>
      <subfield code="4">berc</subfield>
      <subfield code="4">https://d-nb.info/standards/elementset/gnd#professionOrOccupation</subfield>
      <subfield code="w">r</subfield>
      <subfield code="i">Charakteristischer Beruf</subfield>
    </datafield>
    <datafield tag="551" ind1=" " ind2=" ">
      <subfield code="0">(DE-101)94535424X</subfield>
      <subfield code="0">(DE-588)4384544-7</subfield>
      <subfield code="0">https://d-nb.info/gnd/4384544-7</subfield>
      <subfield code="a">Lauterecken</subfield>
      <subfield code="4">ortg</subfield>
      <subfield code="4">https://d-nb.info/standards/elementset/gnd#placeOfBirth</subfield>
      <subfield code="w">r</subfield>
      <subfield code="i">Geburtsort</subfield>
    </datafield>
    <datafield tag="551" ind1=" " ind2=" ">
      <subfield code="0">(DE-101)041080033</subfield>
      <subfield code="0">(DE-588)4108003-8</subfield>
      <subfield code="0">https://d-nb.info/gnd/4108003-8</subfield>
      <subfield code="a">Werben (Elbe)</subfield>
      <subfield code="4">orts</subfield>
      <subfield code="4">https://d-nb.info/standards/elementset/gnd#placeOfDeath</subfield>
      <subfield code="w">r</subfield>
      <subfield code="i">Sterbeort</subfield>
    </datafield>
    <datafield tag="551" ind1=" " ind2=" ">
      <subfield code="0">(DE-101)1008985937</subfield>
      <subfield code="0">(DE-588)7727929-3</subfield>
      <subfield code="0">https://d-nb.info/gnd/7727929-3</subfield>
      <subfield code="a">Burgstall</subfield>
      <subfield code="g">Landkreis Börde</subfield>
      <subfield code="4">ortw</subfield>
      <subfield code="4">https://d-nb.info/standards/elementset/gnd#placeOfActivity</subfield>
      <subfield code="w">r</subfield>
      <subfield code="i">Wirkungsort</subfield>
    </datafield>
    <datafield tag="667" ind1=" " ind2=" ">
      <subfield code="a">VD-17</subfield>
    </datafield>
    <datafield tag="672" ind1=" " ind2="0">
      <subfield code="a">Memoria pie Defuncti Celsissimi Principis ac Domini, Domini Caroli Ludovici, Comitis Palatini Rheni ... - [1631]</subfield>
    </datafield>
    <datafield tag="672" ind1=" " ind2="0">
      <subfield code="a">Anathemata In Memoriam Illustrissimi Et Celsissimi Principis Ac Domini, Dn. Caroli Ludovici, Comitis Palatini Rheni, Ducis Bavariae ... - 1654</subfield>
    </datafield>
    <datafield tag="672" ind1=" " ind2="0">
      <subfield code="a">Illustrissimus Et Celsissimus Princeps Ac Dominus, Dn. Carolus Ludovicus, Palat. Rheni, Dux Bav. Comes Veldent. Et Sponheim ... - 1654</subfield>
    </datafield>
    <datafield tag="672" ind1=" " ind2="0">
      <subfield code="a">Micraelius, Johann: Oratio Panegyrica, In Obitum Heroe Dignum ... Principis ... Caroli Ludovici, Palatini Rheni, Ducis Bavariae, Comitis Veldentii Et Spanheimii ... - 1654</subfield>
    </datafield>
    <datafield tag="672" ind1=" " ind2="0">
      <subfield code="a">Fabricius, Jacob: Carolus Ludovicus, Palatinus Rheni, Ex Tabernaculo Terreno Ad Coeleste Politeuma Subvectus, Das ist: Zwo Christliche Leichpredigten, welche zun letzten Ehren Des ... Herrn Carl Ludwigs, Pfaltzgraffen bey Rhein ... gehalten sind. - 1654</subfield>
    </datafield>
    <datafield tag="678" ind1=" " ind2=" ">
      <subfield code="b">Pfalzgraf von Veldenz; königlich schwedischer Offizier, in der Schlacht bei Burgstall am 27. Juli 1631 schwer verwundet; beigesetzt in der Marienkirche in Stettin</subfield>
    </datafield>
    <datafield tag="913" ind1=" " ind2=" ">
      <subfield code="S">pnd</subfield>
      <subfield code="i">5</subfield>
      <subfield code="a">Karl Ludwig &lt;Pfalz, Pfalzgraf&gt;</subfield>
      <subfield code="0">(DE-588a)123510643</subfield>
    </datafield>
  </record>
